@string{Name="Luis F. Vieira Damiani"}

@article{Roads1980,
 ISSN = {01489267, 15315169},
 URL = {http://www.jstor.org/stable/3679463},
 author = {Curtis Roads and Max Mathews},
 journal = {Computer Music Journal},
 number = {4},
 pages = {15-22},
 publisher = {The MIT Press},
 title = {Interview with Max Mathews},
 volume = {4},
 year = {1980}
}

@book{Roads1995,
Author = {Roads, Curtis},
ISBN = {9780262680820},
Publisher = {The MIT Press},
Title = {The Computer Music Tutorial},
Year = {1995},
}

@article{Lazzarini2013,
Author = {Lazzarini, Victor},
ISSN = {09298215},
Journal = {Journal of New Music Research},
Number = {1},
Pages = {97-110},
Title = {The Development of Computer Music Programming Systems},
Volume = {42},
Year = {2013},
}
